 @book{minority-report_2002, 
 title={Minority Report},
 publisher={20th Century Fox}, year={2002}} 
 
 @misc{merriam-webster, title={Ethic}, url={https://www.merriam-webster.com/dictionary/ethic}, journal={Merriam-Webster}, publisher={Merriam-Webster}} 
 
@misc{cambridge-dictionary, title={MORALITY: meaning in the Cambridge English Dictionary}, url={https://dictionary.cambridge.org/dictionary/english/morality}, journal={Cambridge Dictionary}} 
  
@article{calman_2004, title={Teaching and learning ethics}, url={https://jme.bmj.com/content/30/4/366.info}, journal={Evolutionary ethics: can values change}, author={Calman, Kenneth}, year={2004}, month={Aug}} 

@misc{biography.com_2019, title={Edward Snowden}, url={https://www.biography.com/activist/edward-snowden}, journal={Biography.com}, publisher={A&amp;E Networks Television}, year={2019}, month={Sep}} 

@article{ellemers_toorn_paunov, title={The Psychology of Morality}, url={https://journals.sagepub.com/doi/full/10.1177/1088868318811759}, journal={A Review and Analysis of Empirical Studies Published From 1940 Through 2017}, author={Ellemers, Naomi and Toorn, Jojanneke van der and Paunov, Yavor}} 

@misc{vernon_2017, title={Understanding the Butterfly Effect}, url={https://www.americanscientist.org/article/understanding-the-butterfly-effect}, journal={American Scientist}, author={Vernon, Jamie L}, year={2017}, month={Jun}} 

@misc{carson_2020, title={Prisoners in 2018}, url={https://www.bjs.gov/content/pub/pdf/p18.pdf}, journal={US Department of Justice and Bureau of Justice Statistics}, author={Carson, Ann}, year={2020}, month={Apr}} 

@misc{catalyst_2020, title={Women in Male-Dominated Industries and Occupations: Quick Take}, url={https://www.catalyst.org/research/women-in-male-dominated-industries-and-occupations/}, journal={Catalyst}, year={2020}, month={Feb}} 

@misc{yong_2019, title={How headbutts and dances give bees a hive mind}, url={https://www.discovermagazine.com/planet-earth/how-headbutts-and-dances-give-bees-a-hive-mind}, journal={Discover Magazine}, publisher={Discover Magazine}, author={Yong, Ed}, year={2019}, month={Nov}} 

@misc{duffin_2020, title={U.S. military spending from 2000 to 2019}, url={https://www.statista.com/statistics/272473/us-military-spending-from-2000-to-2012/}, journal={Statista}, author={Duffin, Erin}, year={2020}, month={Jun}} 

@misc{the-european-space-agency, title={How much does it cost?}, url={https://www.esa.int/Science_Exploration/Human_and_Robotic_Exploration/International_Space_Station/How_much_does_it_cost}, journal={The European Space Agency}} 

@misc{research-america_2017, title={US Medical Health Research Spending on the Rise, but for How Long?}, url={https://www.researchamerica.org/news-events/news/us-medical-health-research-spending-rise-how-long}, journal={Research America}, year={2017}, month={Nov}} 

@phdthesis{townsen_2015, place={Urbana, Illinois}, title={THE REBELLIOUS MIND: EXPLAINING WHICH PEOPLE BECOME REBELS}, school={University of Illinois}, author={Townsen, Ashly Adam}, year={2015}, pages={156}} 
@misc{institute-of-race-relations, title={Racial violence statistics}, url={https://irr.org.uk/research/statistics/racial-violence/}, journal={Institute of Race Relations}}

@misc{johnson_2012, title={Art forever changed by World War I}, url={https://www.latimes.com/entertainment/arts/la-xpm-2012-jul-21-la-et-cm-world-war-art-20120722-story.html}, journal={Los Angeles Times}, publisher={Los Angeles Times}, author={Johnson, Reed}, year={2012}, month={Jul}} 

@misc{armed-forces-museum_2019, title={Advancements in Technology in World War II}, url={https://www.armedforcesmuseum.com/advancements-in-technology-in-world-war-ii/}, journal={Armed Forces Museum}, year={2019}, month={Mar}} 